@article{shafahi2019adversarial,
  title={Adversarial training for free!},
  author={Shafahi, Ali and Najibi, Mahyar and Ghiasi, Mohammad Amin and Xu, Zheng and Dickerson, John and Studer, Christoph and Davis, Larry S and Taylor, Gavin and Goldstein, Tom},
  journal={Advances in Neural Information Processing Systems},
  volume={32},
  year={2019}
}

@article{wong2020fast,
  title={Fast is better than free: Revisiting adversarial training},
  author={Wong, Eric and Rice, Leslie and Kolter, J Zico},
  journal={arXiv preprint arXiv:2001.03994},
  year={2020}
}

@article{li2020towards,
  title={Towards understanding fast adversarial training},
  author={Li, Bai and Wang, Shiqi and Jana, Suman and Carin, Lawrence},
  journal={arXiv preprint arXiv:2006.03089},
  year={2020}
}

@misc{uui2020,
  title={Umjetne neuronske mreže, prezentacija},
  author={Bojana Dalbelo Bašić and Marko Čupić and Jan Šnajder},
  year={2020}
}

@book{Goodfellow-et-al-2016,
    title={Deep Learning},
    author={Ian Goodfellow and Yoshua Bengio and Aaron Courville},
    publisher={MIT Press},
    note={\url{http://www.deeplearningbook.org}},
    year={2016}
}